<?xml version="1.0" encoding="UTF-8"?>
<record xmlns="http://www.loc.gov/MARC21/slim" xmlns:xsi="http://www.w3.org/2001/XMLSchema-instance" xsi:schemaLocation="http://www.loc.gov/MARC21/slim http://www.loc.gov/standards/marcxml/schema/MARC21slim.xsd">
<leader>     cam a2200325   4500</leader>
<controlfield tag="001">001682942</controlfield>
<controlfield tag="003">NNU</controlfield>
<controlfield tag="005">19990304141320.6</controlfield>
<controlfield tag="008">830418s1969    iq afh   b    000 0bara</controlfield>
<datafield tag="010" ind1=" " ind2=" ">
<subfield code="a">77255835 //r80</subfield>
</datafield>
<datafield tag="035" ind1="9" ind2=" ">
<subfield code="a">NYUb12226359</subfield>
</datafield>
<datafield tag="035" ind1=" " ind2=" ">
<subfield code="a">(MH)MHBBF12921HU</subfield>
</datafield>
<datafield tag="035" ind1=" " ind2=" ">
<subfield code="a">(OCoLC)09420145</subfield>
</datafield>
<datafield tag="035" ind1=" " ind2=" ">
<subfield code="a">(CStRLIN)MAHGBBF12921-B</subfield>
</datafield>
<datafield tag="040" ind1=" " ind2=" ">
<subfield code="a">DLC</subfield>
<subfield code="c">TU</subfield>
<subfield code="d">TU</subfield>
<subfield code="d">MH</subfield>
<subfield code="d">CStRLIN</subfield>
</datafield>
<datafield tag="050" ind1="0" ind2=" ">
<subfield code="a">PK6451.F4</subfield>
<subfield code="b">M2836</subfield>
</datafield>
<datafield tag="100" ind1="1" ind2=" ">
<subfield code="a">Qaysī, Aḥmad Nājī,</subfield>
<subfield code="d">1919-</subfield>
</datafield>
<datafield tag="245" ind1="1" ind2="0">
<subfield code="a">Aṭṭārnāmah :</subfield>
<subfield code="b">Aw Kitāb Farīd al-Dīn al-Aṭṭār al-Naysābūrī wa Kitābuh "Manṭiq al-Ṭayr" /</subfield>
<subfield code="c">[tālīf] Ahmad Nājī al-Qaysī.</subfield>
</datafield>
<datafield tag="246" ind1="3" ind2=" ">
<subfield code="a">Kitāb Farīd al-Dīn al-ʻAṭṭār al-Nīsābūrī</subfield>
</datafield>
<datafield tag="250" ind1=" " ind2=" ">
<subfield code="a">[al-Tabʻah 1.]</subfield>
</datafield>
<datafield tag="260" ind1=" " ind2=" ">
<subfield code="a">Baghdād :</subfield>
<subfield code="b">Maktabat al-Muthannā,</subfield>
<subfield code="c">[1969]</subfield>
</datafield>
<datafield tag="300" ind1=" " ind2=" ">
<subfield code="a">2 v. in 1 (25, 992p.) :</subfield>
<subfield code="b">ill., facsims., plates ;</subfield>
<subfield code="c">26 cm.</subfield>
</datafield>
<datafield tag="500" ind1=" " ind2=" ">
<subfield code="a">Added t.p.: Attar nameh, a study of [sic] Farid al-Dīn al-Attar al-Naysoburī and his book : Mantiq al-tair, by A.N. al-Qaisi.</subfield>
</datafield>
<datafield tag="500" ind1=" " ind2=" ">
<subfield code="a">Risalat al-Duktūrah - Jāmiʻat al-Qāhirah.</subfield>
</datafield>
<datafield tag="500" ind1=" " ind2=" ">
<subfield code="a">Includes abridged translation of Manṭiq al-Ṭayr.</subfield>
</datafield>
<datafield tag="504" ind1=" " ind2=" ">
<subfield code="a">Bibliographical footnotes.</subfield>
</datafield>
<datafield tag="600" ind1="1" ind2="0">
<subfield code="a">ʻAṭṭār, Farīd al-Dīn,</subfield>
<subfield code="d">d. ca. 1230.</subfield>
<subfield code="t">Manṭiq al-ṭayr.</subfield>
</datafield>
<datafield tag="700" ind1="1" ind2=" ">
<subfield code="a">ʻAṭṭār, Farīd al-Dīn,</subfield>
<subfield code="d">d. ca. 1230.</subfield>
<subfield code="t">Manṭiq al-ṭayr.</subfield>
</datafield>
<datafield tag="OWN" ind1=" " ind2=" ">
<subfield code="a">GENERAL</subfield>
</datafield>
<datafield tag="950" ind1=" " ind2=" ">
<subfield code="l">BMAIN</subfield>
<subfield code="a">PK6451.F4</subfield>
<subfield code="b">M337</subfield>
</datafield>
<datafield tag="955" ind1=" " ind2=" ">
<subfield code="l">BMAIN</subfield>
<subfield code="c">1</subfield>
<subfield code="r">014469400</subfield>
</datafield>
<datafield tag="998" ind1=" " ind2=" ">
<subfield code="s">9115</subfield>
</datafield>
<datafield tag="AVA" ind1=" " ind2=" ">
<subfield code="a">NYU50</subfield>
<subfield code="b">BOBST</subfield>
<subfield code="c">Main Collection</subfield>
<subfield code="d">PK6451.F4 M337</subfield>
<subfield code="e">unavailable</subfield>
<subfield code="t">Unavailable</subfield>
<subfield code="f">1</subfield>
<subfield code="g">1</subfield>
<subfield code="h">N</subfield>
<subfield code="i">0</subfield>
<subfield code="j">MAIN</subfield>
<subfield code="k">0</subfield>
</datafield>
</record>
